<mx:record xmlns="http://www.w3.org/TR/xhtml1/strict" xmlns:mx="http://www.loc.gov/MARC21/slim" xmlns:xsi="http://www.w3.org/2001/XMLSchema-instance"><mx:leader>00037cz  2200037n  45 0</mx:leader><mx:controlfield tag="001">oca03205590 </mx:controlfield><mx:controlfield tag="005">20090307071927.0</mx:controlfield><mx:controlfield tag="008">920716n| acannaabn          |b aaa      </mx:controlfield><mx:datafield ind1=" " ind2=" " tag="010"><mx:subfield code="a">n  92072374</mx:subfield></mx:datafield><mx:datafield ind1=" " ind2=" " tag="040"><mx:subfield code="a">DLC</mx:subfield><mx:subfield code="b">eng</mx:subfield><mx:subfield code="c">DLC</mx:subfield><mx:subfield code="d">DLC</mx:subfield><mx:subfield code="d">MH-L</mx:subfield><mx:subfield code="d">UPB</mx:subfield></mx:datafield><mx:datafield ind1="0" ind2=" " tag="100"><mx:subfield code="a">Adamant</mx:subfield></mx:datafield><mx:datafield ind1="0" ind2=" " tag="400"><mx:subfield code="a">Adamantius,</mx:subfield><mx:subfield code="c">sophista</mx:subfield></mx:datafield><mx:datafield ind1="0" ind2=" " tag="400"><mx:subfield code="a">Ἀδαμάντιος,</mx:subfield><mx:subfield code="c">Σοφιστής</mx:subfield></mx:datafield><mx:datafield ind1=" " ind2=" " tag="667"><mx:subfield code="a">Non-Latin script references not evaluated.</mx:subfield></mx:datafield><mx:datafield ind1=" " ind2=" " tag="670"><mx:subfield code="a">nuc92-3470: His La phisionomie d&amp;#039;Adamant sophiste [MI] 1556</mx:subfield><mx:subfield code="b">(hdg. on GmC rept.: Adamantius; usage: Adamant)</mx:subfield></mx:datafield><mx:datafield ind1=" " ind2=" " tag="670"><mx:subfield code="a">NUC pre-1956</mx:subfield><mx:subfield code="b">(Adamantius; ref. from Adamantius, Sophista)</mx:subfield></mx:datafield><mx:datafield ind1=" " ind2=" " tag="670"><mx:subfield code="a">Scriptores physiognomonici Graeci et Latini, 1994:</mx:subfield><mx:subfield code="b">p. [295] (Adamantii Physiognomonica) p. [297] (Ἀδαμαντίου Σοφιστοῦ φυσιογνωμονικῶν Α)</mx:subfield></mx:datafield><mx:datafield ind1=" " ind2=" " tag="999"><mx:subfield code="a">176</mx:subfield></mx:datafield></mx:record>